[gd_scene load_steps=14 format=2]

[ext_resource path="res://keys/gateframe0000.png" type="Texture" id=1]
[ext_resource path="res://keys/gateframe0001.png" type="Texture" id=2]
[ext_resource path="res://keys/gateframe0003.png" type="Texture" id=3]
[ext_resource path="res://keys/gateframe0005.png" type="Texture" id=4]
[ext_resource path="res://keys/gateframe0002.png" type="Texture" id=5]
[ext_resource path="res://keys/gateframe0006.png" type="Texture" id=6]
[ext_resource path="res://keys/gateframe0004.png" type="Texture" id=7]
[ext_resource path="res://keys/alpha.tscn" type="PackedScene" id=8]
[ext_resource path="res://keys/beta.tscn" type="PackedScene" id=9]
[ext_resource path="res://keys/delta.tscn" type="PackedScene" id=10]
[ext_resource path="res://keys/gamma.tscn" type="PackedScene" id=11]
[ext_resource path="res://keys/epsilon.tscn" type="PackedScene" id=12]

[sub_resource type="AnimatedTexture" id=1]
frames = 7
fps = 6.0
frame_0/texture = ExtResource( 1 )
frame_1/texture = ExtResource( 2 )
frame_1/delay_sec = 0.0
frame_2/texture = ExtResource( 5 )
frame_2/delay_sec = 0.0
frame_3/texture = ExtResource( 3 )
frame_3/delay_sec = 0.0
frame_4/texture = ExtResource( 7 )
frame_4/delay_sec = 0.0
frame_5/texture = ExtResource( 4 )
frame_5/delay_sec = 0.0
frame_6/texture = ExtResource( 6 )
frame_6/delay_sec = 0.0

[node name="Sprite" type="Sprite"]
texture = SubResource( 1 )

[node name="Alpha" type="Position2D" parent="."]
position = Vector2( 16.064, 7.83924 )

[node name="Alpha" parent="Alpha" instance=ExtResource( 8 )]
modulate = Color( 0.733333, 0, 0.345098, 1 )

[node name="Beta" type="Position2D" parent="."]
position = Vector2( -15.9355, 8.22478 )

[node name="Beta" parent="Beta" instance=ExtResource( 9 )]
modulate = Color( 0.733333, 0, 0.345098, 1 )

[node name="Gamma" type="Position2D" parent="."]
position = Vector2( -16.064, -7.96775 )

[node name="Gamma" parent="Gamma" instance=ExtResource( 11 )]
modulate = Color( 0.733333, 0, 0.345098, 1 )

[node name="Delta" type="Position2D" parent="."]
position = Vector2( 0, -24.1603 )

[node name="Delta" parent="Delta" instance=ExtResource( 10 )]
modulate = Color( 0.733333, 0, 0.345098, 1 )

[node name="Epsilon" type="Position2D" parent="."]
position = Vector2( 15.9355, -7.96776 )

[node name="Epsilon" parent="Epsilon" instance=ExtResource( 12 )]
modulate = Color( 0.733333, 0, 0.345098, 1 )
